<record><leader>00000cas a22000007a 4500</leader><controlfield tag="001">10667204</controlfield><controlfield tag="008">840426d1867187umduwr ne      0    0eng d</controlfield><datafield ind1=" " ind2=" " tag="010"><subfield code="a">sn 84026759 </subfield></datafield><datafield ind1=" " ind2=" " tag="040"><subfield code="a">NPU</subfield><subfield code="b">eng</subfield><subfield code="c">NPU</subfield><subfield code="d">NPX</subfield><subfield code="d">MFN</subfield><subfield code="d">OCLCQ</subfield></datafield><datafield ind1=" " ind2=" " tag="042"><subfield code="a">msc</subfield></datafield><datafield ind1=" " ind2="4" tag="050"><subfield code="a">AN41.921.S3</subfield><subfield code="b">A3</subfield></datafield><datafield ind1="0" ind2=" " tag="130"><subfield code="a">Salisbury advertiser (Salisbury, Md. : 1867)</subfield></datafield><datafield ind1="1" ind2="0" tag="245"><subfield code="a">Salisbury advertiser.</subfield></datafield><datafield ind1=" " ind2=" " tag="260"><subfield code="a">Salisbury, Md. :</subfield><subfield code="b">Freeny &amp; Richardson</subfield></datafield><datafield ind1=" " ind2=" " tag="300"><subfield code="a">v.</subfield></datafield><datafield ind1=" " ind2=" " tag="310"><subfield code="a">Weekly</subfield></datafield><datafield ind1="1" ind2=" " tag="362"><subfield code="a">Began in 1867.</subfield></datafield><datafield ind1=" " ind2=" " tag="588"><subfield code="a">Description based on: Vol. 4, no. 19 (Jan. 21, 1871).</subfield></datafield><datafield ind1=" " ind2=" " tag="752"><subfield code="a">United States</subfield><subfield code="b">Maryland</subfield><subfield code="c">Wicomico</subfield><subfield code="d">Salisbury.</subfield></datafield><datafield ind1="0" ind2="7" tag="785"><subfield code="t">Eastern shoreman (Salisbury, Md.)</subfield><subfield code="w">(DLC)sn 84026760</subfield></datafield><datafield ind1="0" ind2="7" tag="785"><subfield code="t">Salisbury advertiser and eastern shoreman</subfield><subfield code="w">(DLC)sn 89061533</subfield></datafield></record>